%% This BibTeX bibliography file was created using BibDesk.
%% http://bibdesk.sourceforge.net/


%% Created for Thibault Sellam at 2015-07-09 15:28:21 +0200 


%% Saved with string encoding Unicode (UTF-8) 



@inproceedings{cunningham2002gate,
	Author = {Cunningham, Hamish and Maynard, Diana and Bontcheva, Kalina and Tablan, Valentin},
	Booktitle = {Proc. ACL},
	Date-Added = {2015-07-08 14:23:51 +0000},
	Date-Modified = {2015-07-08 14:24:00 +0000},
	Pages = {168--175},
	Title = {GATE: an architecture for development of robust HLT applications},
	Year = {2002}}

@inproceedings{andersen1992automatic,
	Author = {Andersen, Peggy M and Hayes, Philip J and Huettner, Alison K and Schmandt, Linda M and Nirenburg, Irene B and Weinstein, Steven P},
	Booktitle = {Proc. ANLP},
	Date-Added = {2015-07-08 13:13:40 +0000},
	Date-Modified = {2015-07-08 13:13:40 +0000},
	Organization = {ACL},
	Pages = {170--177},
	Title = {Automatic extraction of facts from press releases to generate news stories},
	Year = {1992}}

@incollection{sellam2015raimond,
	Author = {Sellam, Thibault and Alonso, Omar},
	Booktitle = {Proc. ICWE - Engineering the Web in the Big Data Era},
	Date-Added = {2015-07-06 15:07:42 +0000},
	Date-Modified = {2015-07-09 13:28:21 +0000},
	Pages = {251--268},
	Title = {Raimond: Quantitative Data Extraction from Twitter to Describe Events},
	Year = {2015}}

@inproceedings{pighin2014modelling,
	Author = {Pighin, Daniele and Cornolti, Marco and Alfonseca, Enrique and Filippova, Katja},
	Booktitle = {Proc. ACL},
	Date-Added = {2015-07-06 12:38:23 +0000},
	Date-Modified = {2015-07-06 12:38:43 +0000},
	Pages = {892--901},
	Title = {Modelling Events through Memory-based, Open-IE Patterns for Abstractive Summarization},
	Volume = {1},
	Year = {2014}}

@inproceedings{Allan2001,
	Author = {Allan, James and Gupta, Rahul and Khandelwal, Vikas},
	Booktitle = {Proc. SIGIR},
	Date-Modified = {2015-04-16 09:28:55 +0000},
	Pages = {10-18},
	Publisher = {ACM},
	Title = {{Temporal summaries of new topics}},
	Year = {2001}}

@inproceedings{Benson2011,
	Author = {Benson, Edward and Haghighi, Aria and Barzilay, Regina},
	Booktitle = {Proc. ACL},
	Date-Modified = {2015-04-16 09:11:53 +0000},
	Pages = {389--398},
	Publisher = {Association for Computational Linguistics},
	Title = {{Event discovery in social media feeds}},
	Year = {2011}}

@inproceedings{Chakrabarti2011,
	Author = {Chakrabarti, Deepayan and Punera, Kunal},
	Booktitle = {Proc. ICWSM},
	Date-Modified = {2015-04-16 09:21:28 +0000},
	Pages = {66--73},
	Publisher = {AAAI Press},
	Title = {Event Summarization Using Tweets.},
	Year = {2011}}

@inproceedings{Diakopoulos2010,
	Author = {Diakopoulos, Nicholas},
	Booktitle = {Proc. VAST},
	Date-Modified = {2015-04-16 09:21:18 +0000},
	Pages = {115-122},
	Publisher = {IEEE},
	Title = {{Diamonds in the rough: Social media visual analytics for journalistic inquiry}},
	Year = {2010}}

@inproceedings{Imran2013,
	Author = {Imran, Muhammad and Elbassuoni, S and Castillo, Carlos},
	Booktitle = {Proc. WWW},
	Date-Modified = {2015-04-16 09:28:05 +0000},
	Pages = {1021--1024},
	Title = {{Practical extraction of disaster-relevant information from social media}},
	Year = {2013}}

@inproceedings{Marcus2011,
	Author = {Marcus, Adam and Bernstein, MS and Badar, Osama},
	Booktitle = {Proc. CHI},
	Date-Modified = {2015-04-16 09:12:54 +0000},
	Pages = {227--236},
	Publisher = {ACM},
	Title = {{Twitinfo: aggregating and visualizing microblogs for event exploration}},
	Year = {2011}}

@inproceedings{Popescu2011,
	Author = {Popescu, Ana-Maria and Pennacchiotti, Marco and Paranjpe, Deepa},
	Booktitle = {Proc. WWW},
	Date-Modified = {2015-04-16 09:27:52 +0000},
	Pages = {105},
	Title = {{Extracting events and event descriptions from Twitter}},
	Year = {2011}}

@inproceedings{Ritter2012,
	Author = {Ritter, Alan and Etzioni, Oren and Clark, Sam},
	Booktitle = {KDD},
	Date-Modified = {2015-04-16 09:22:26 +0000},
	Pages = {1104},
	Publisher = {ACM},
	Title = {{Open domain event extraction from twitter}},
	Year = {2012}}

@inproceedings{Sayyadi2009,
	Author = {Sayyadi, Hassan and Hurst, Matthew and Maykov, Alexey},
	Booktitle = {Proc. ICWSM},
	Date-Modified = {2015-04-16 09:21:34 +0000},
	Pages = {311--314},
	Publisher = {AAAI Press},
	Title = {{Event Detection and Tracking in Social Streams.}},
	Year = {2009}}

@inproceedings{Sakaki2010,
	Author = {Sakaki, Takeshi and Okazaki, M and Matsuo, Y},
	Booktitle = {Proc. WWW},
	Date-Modified = {2015-04-16 09:27:46 +0000},
	Pages = {851--860},
	Title = {{Earthquake shakes Twitter users: real-time event detection by social sensors}},
	Year = {2010}}

@inproceedings{Popescu2010,
	Author = {Popescu, Ana-Maria and Pennacchiotti, Marco},
	Booktitle = {Proc. CIKM},
	Date-Modified = {2015-04-16 09:13:41 +0000},
	Pages = {1873},
	Publisher = {ACM},
	Title = {{Detecting controversial events from twitter}},
	Year = {2010}}

@inproceedings{Petrovic2010,
	Author = {Petrovi\'{c}, S and Osborne, Miles and Lavrenko, Victor},
	Booktitle = {NAACL},
	Date-Modified = {2015-04-16 09:23:40 +0000},
	Pages = {181--189},
	Publisher = {Association for Computational Linguistics},
	Title = {{Streaming first story detection with application to twitter}},
	Year = {2010}}

@inproceedings{Luhn1958,
	Author = {Luhn, HP},
	Booktitle = {IBM Journal of research and development},
	Pages = {159--165},
	Title = {{The automatic creation of literature abstracts}},
	Year = {1958}}

@inproceedings{Alonso2013,
	Author = {Alonso, Omar and Shiells, K},
	Booktitle = {Proc. WWW},
	Date-Modified = {2015-04-16 09:28:11 +0000},
	Pages = {1037--1044},
	Title = {{Timelines as summaries of popular scheduled events}},
	Year = {2013}}

@inproceedings{sokal1958statistical,
	Author = {Sokal, Robert R},
	Booktitle = {U. Kansas Scientific Bulletin},
	Date-Modified = {2014-11-07 12:56:33 +0000},
	Journal = {Univ Kans Sci Bull},
	Pages = {1409--1438},
	Title = {A statistical method for evaluating systematic relationships},
	Volume = {38},
	Year = {1958}}

@inproceedings{miller1995wordnet,
	Author = {Miller, George A},
	Booktitle = {CACM},
	Date-Modified = {2014-11-07 12:54:23 +0000},
	Journal = {Communications of the ACM},
	Pages = {39--41},
	Publisher = {ACM},
	Title = {WordNet: a lexical database for English},
	Volume = {38},
	Year = {1995}}

@inproceedings{hotho2003ontologies,
	Author = {Hotho, Andreas and Staab, Steffen and Stumme, Gerd},
	Booktitle = {Proc. ICDM},
	Date-Modified = {2015-04-16 09:19:02 +0000},
	Pages = {541--544},
	Publisher = {IEEE},
	Title = {Ontologies improve text document clustering},
	Year = {2003}}

@book{tufte1983visual,
	Author = {Tufte, Edward},
	Publisher = {Graphics press Cheshire, CT},
	Title = {The visual display of quantitative information},
	Year = {1983}}

@inproceedings{Imran20142,
	Author = {Muhammad Imran and Carlos Castillo and Fernando Diaz and Sarah Vieweg},
	Booktitle = {CoRR},
	Date-Modified = {2015-04-16 09:33:16 +0000},
	Journal = {CoRR},
	Publisher = {arXiv preprint: 1407.7071},
	Title = {Processing Social Media Messages in Mass Emergency: {A} Survey},
	Year = {2014}}

@inproceedings{suen2013nifty,
	Author = {Suen, Caroline and Huang, Sandy and Eksombatchai, Chantat and Sosic, Rok and Leskovec, Jure},
	Booktitle = {Proc. WWW},
	Date-Modified = {2015-04-16 09:27:34 +0000},
	Pages = {1237--1248},
	Title = {Nifty: a system for large scale information flow tracking and clustering},
	Year = {2013}}

@inproceedings{ahmed2011unified,
	Author = {Ahmed, Amr and Ho, Qirong and Eisenstein, Jacob and Xing, Eric and Smola, Alexander J and Teo, Choon Hui},
	Booktitle = {Proc. WWW},
	Date-Modified = {2015-04-16 09:28:19 +0000},
	Pages = {267--276},
	Title = {Unified analysis of streaming news},
	Year = {2011}}

@inproceedings{phan2008learning,
	Author = {Phan, Xuan-Hieu and Nguyen, Le-Minh and Horiguchi, Susumu},
	Booktitle = {Proc. WWW},
	Date-Modified = {2015-04-16 09:27:58 +0000},
	Pages = {91--100},
	Title = {Learning to classify short and sparse text \& web with hidden topics from large-scale data collections},
	Year = {2008}}

@inproceedings{alonso2013some,
	Author = {Alonso, Omar and Marshall, Catherine C and Najork, Marc},
	Booktitle = {HCIR},
	Date-Modified = {2015-04-16 09:18:10 +0000},
	Pages = {2},
	Publisher = {ACM},
	Title = {Are some tweets more interesting than others? \#hardquestion},
	Year = {2013}}
